<record><leader>00000cas a22000007a 4500</leader><controlfield tag="001">12654538</controlfield><controlfield tag="008">851010d18341836ohuwr ne      0    0eng  </controlfield><datafield ind1=" " ind2=" " tag="010"><subfield code="a">sn 85042567 </subfield></datafield><datafield ind1=" " ind2=" " tag="040"><subfield code="a">DLC</subfield><subfield code="b">eng</subfield><subfield code="c">DLC</subfield><subfield code="d">ONP</subfield><subfield code="d">OCLCQ</subfield></datafield><datafield ind1=" " ind2=" " tag="042"><subfield code="a">msc</subfield></datafield><datafield ind1="0" ind2="0" tag="050"><subfield code="a">Newspaper 9214-X</subfield></datafield><datafield ind1="0" ind2="0" tag="245"><subfield code="a">Eaton register and Preble County advocate.</subfield></datafield><datafield ind1=" " ind2=" " tag="260"><subfield code="a">Eaton, Ohio :</subfield><subfield code="b">Hendricks &amp; Duggins</subfield></datafield><datafield ind1=" " ind2=" " tag="300"><subfield code="a">v. ;</subfield><subfield code="c">53 cm.</subfield></datafield><datafield ind1=" " ind2=" " tag="310"><subfield code="a">Weekly</subfield></datafield><datafield ind1="1" ind2=" " tag="362"><subfield code="a">Began in May 1834.</subfield></datafield><datafield ind1="1" ind2=" " tag="362"><subfield code="a">Ceased in 1836?</subfield></datafield><datafield ind1=" " ind2=" " tag="588"><subfield code="a">Description based on: Vol. 1, no. 2 (May 15, 1834).</subfield></datafield><datafield ind1=" " ind2=" " tag="752"><subfield code="a">United States</subfield><subfield code="b">Ohio</subfield><subfield code="c">Preble</subfield><subfield code="d">Eaton.</subfield></datafield><datafield ind1="0" ind2="0" tag="780"><subfield code="t">Eaton register (Eaton, Ohio : 1832)</subfield><subfield code="w">(DLC)sn 85042566</subfield></datafield><datafield ind1="0" ind2="0" tag="785"><subfield code="t">Eaton register (Eaton, Ohio : 1837)</subfield><subfield code="w">(DLC)sn 85028565</subfield></datafield><datafield ind1="1" ind2=" " tag="029"><subfield code="a">AU@</subfield><subfield code="b">000025822023</subfield></datafield></record>